%% This BibTeX bibliography file was created using BibDesk.
%% https://bibdesk.sourceforge.io/

%% Created for Filipe Farias at 2023-04-29 12:27:00 -0300 


%% Saved with string encoding Unicode (UTF-8) 



@book{peliti2021stochastic,
	author = {Peliti, Luca and Pigolotti, Simone},
	date-added = {2023-04-29 12:26:45 -0300},
	date-modified = {2023-04-29 12:26:45 -0300},
	publisher = {Princeton University Press},
	title = {Stochastic Thermodynamics: An Introduction},
	year = {2021}}
