%% This BibTeX bibliography file was created using BibDesk.
%% https://bibdesk.sourceforge.io/

%% Created for Filipe Farias at 2023-05-22 10:36:02 -0300 


%% Saved with string encoding Unicode (UTF-8) 

@article{Prigogine1953,
	author = {I. Prigogine and P. Mazur}
	title = {Sur l'extension de la thermodynamique aux phénomènes irreversibles liés aux degrés de liberté internes},
	journal = {Physica},
	volume = {19},
	number = {1},
	pages = {241-254},
	year = {1953},
	doi = {https://doi.org/10.1016/S0031-8914(53)80026-1}
}

@article{Mazur1998,
	author = {P. Mazur},
	title = {Fluctuations and non-equilibrium thermodynamics},
	journal = {Physica A: Statistical Mechanics and its Applications},
	volume = {261},
	number = {3},
	pages = {451-457},
	year = {1998},
	doi = {https://doi.org/10.1016/S0378-4371(98)00353-7}
}

@article{Reguera2005,
	author = {D. Reguera and J. M. Rubí and J. M. G. Vilar},
	title = {The Mesoscopic Dynamics of Thermodynamic Systems},
	journal = {The Journal of Physical Chemistry B},
	volume = {109},
	number = {46},
	pages = {21502--21515},
	year = {2005},
	doi = {10.1021/jp052904i}
}

@article{Gillespie1976,
	author = {D. T. Gillespie},	
	title = {A general method for numerically simulating the stochastic time evolution of coupled chemical reactions},
	journal = {Journal of Computational Physics},
	number = {4},
	pages = {403--434},
	volume = {22},
	year = {1976},
	doi = {https://doi.org/10.1016/0021-9991(76)90041-3}
}

	
@article{Gillespie1992,
	author = {D. T. Gillespie},
	title = {A rigorous derivation of the chemical master equation},
	journal = {Physica A: Statistical Mechanics and its Applications},
	volume = {188},
	number = {1},
	pages = {404--425},
	year = {1992},
	doi = {https://doi.org/10.1016/0378-4371(92)90283-V}
}